3052 5100
528 1149 702 1223 Tabula
728 1150 992 1246 argumenti

174 1429 284 1497 eaput
323 1428 700 1484 12DeSallustihist0riis
730 1472 1199 1485 ..............
1261 1370 1346 1482 ιρῖεὶι

175 1518 285 1586 Caput
313 1517 350 1572 lI:
379 1518 420 1570 ΒΘ
440 1517 579 1572 seditione
598 1518 698 1587 Lepidi
730 1561 1198 1573 ..............
1243 1523 1346 1571 14-20

174 1609 285 1676 Caput
298 1607 349 1661 III:
378 1607 419 1660 De
437 1607 513 1660 bello
532 1607 702 1660 Sertoriano.

245 1703 260 1761 ξ
282 1703 305 1749 1.
333 1695 374 1749 ΒΘ
393 1695 476 1750 rebus
494 1696 570 1749 bello
590 1695 661 1750 Sert.
679 1695 769 1764 gestis
801 1738 1199 1752 ............
1241 1700 1347 1749 20-2‘1

246 1790 305 1849 52.
333 1784 374 1837 De
393 1784 538 1837 Plutarchi
557 1784 683 1838 fontibus
695 1827 1200 1840 ...............
1241 1788 1347 1838 27--32

247 1879 306 1938 §3.
334 1872 663 1941 DcAppinnifontibus
694 1916 700 1927 .
730 1917 736 1927 .
765 1916 771 1927 .
800 1915 806 1925 .
836 1916 842 1926 .
872 1915 878 1926 .
907 1916 913 1927 .
943 1915 949 1926 .
979 1916 984 1927 .
1015 1917 1020 1927 .
1050 1917 1056 1926 .
1086 1916 1092 1925 .
1121 1916 1127 1928 .
1157 1915 1199 1927 ..
1242 1878 1347 1926 32-35

246 1968 305 2024 §h
333 1961 374 2014 ΒΘ
393 1961 548 2014 minoribus
566 1961 636 2015 belli
656 1960 725 2016 Sert.
746 1959 929 2029 scriptoribus
943 2004 1199 2016 ........
1241 1967 1348 2015 35-40

175 2052 285 2120 Caput
300 2050 350 2104 lV:
377 2050 419 2104 De
438 2051 563 2104 tumultu
581 2049 765 2120 fugitivorum
802 2093 1198 2105 ............
1241 2055 1347 2103 40-46

175 2141 283 2209 Caput
310 2139 348 2194 V:
376 2139 417 2192 De
436 2139 513 2192 bello
532 2138 726 2192 Mithridatico
745 2136 840 2192 tertio.

246 2235 305 2294 §L
333 2227 375 2281 De
395 2244 487 2282 rerum
505 2230 577 2296 gest.
597 2227 695 2282 ordine
714 2243 747 2280 ac
765 2229 891 2296 tempore
906 2271 1199 2282 .........
1242 2233 1346 2282 47-48

245 2323 304 2382 §2
333 2317 374 2370 ΒΘ
393 2316 539 2370 Plutarchi
557 2316 683 2370 fontibus
694 2359 1199 2373 ...............
1241 2320 1347 2370 48-64

246 2412 305 2471 53.
333 2405 375 2458 De
393 2405 484 2460 Cassii
502 2405 600 2458 Dionis
619 2405 745 2459 fontibus
765 2448 1198 2461 .............
1241 2410 1346 2459 54-56

246 2500 306 2558 54.
336 2494 376 2547 De
395 2494 468 2548 Livii
487 2493 614 2549 fontibus
626 2537 1199 2550 .................
1242 2500 1343 2548 66-61

247 2588 305 2645 55.
335 2583 374 2634 ΒΘ
393 2581 542 2636 Memnone
562 2599 595 2636 ac
614 2583 648 2635 de
668 2582 806 2635 Strabone
838 2625 1198 2638 ...........
1241 2589 1346 2636 61-64

247 2675 307 2733 §d
335 2668 376 2721 De
395 2669 550 2724 minoribus
568 2671 593 2724 b.
614 2668 710 2725 Mithr.
730 2668 914 2738 scriptoribus
943 2713 1198 2726 ........
1240 2677 1345 2725 64-67

177 2754 286 2824 Caput
300 2757 351 2810 Vl:
379 2757 420 2810 De
438 2758 522 2811 rebus
540 2759 694 2812 minoribus
713 2757 790 2813 domi
808 2757 985 2826 militiaeque
1004 2757 1099 2826 gestis.

247 2852 261 2909 ᾖ
283 2853 305 2900 1.
334 2844 375 2898 ΒΘ
393 2845 469 2899 bello
488 2845 609 2914 piratico
629 2846 739 2901 Servilii
763 2889 1198 2904 .............
1241 2854 1345 2902 67-69

247 2941 305 2998 §2-
333 2933 375 2986 ΒΘ
393 2932 479 2986 bellis
498 2933 528 2987 in
545 2934 712 2989 Macedonia
731 2935 908 3003 'l'hrocieque
926 2934 1015 3004 gestis
1049 2978 1197 2991 .....
1240 2943 1344 2991 69-71

247 3029 303 3089 53.
333 3021 375 3076 De
393 3022 476 3076 bellis
495 3022 617 3093 piratico
636 3023 818 3092 Cretensique
836 3067 1198 3080 ...........
1240 3030 1346 3079 ‘Il-‘16

246 3118 305 3177 §4-
333 3111 374 3164 De
393 3112 477 3166 rebus
496 3112 612 3165 urbanis
623 3154 1197 3168 .................
1241 3120 1345 3168 76—82
