3052 5100
712 373 749 379 --
800 335 928 396 70..

235 493 315 556 citer
333 492 436 577 gestis
454 493 567 556 morbo
586 498 753 576 correptus
768 497 915 555 mortuus
933 498 992 557 est.
1013 532 1053 538 —
1073 493 1198 556 Deinde
1217 492 1273 575 qui
1292 493 1323 557 ei
1341 514 1412 558 suc·

197 595 207 611 '
235 600 368 663 cedebat
383 598 416 662 C.
430 598 616 663 Scribonius
631 598 727 663 Curio
746 600 963 683 quaerendum
982 605 1040 684 cst,
1058 621 1217 684 quosnam
1234 621 1294 684 per
1309 621 1414 664 annos

235 707 269 770 in
295 705 482 771 Macedonia
510 705 686 769 bellaverit.
738 705 858 770 Consul
886 712 995 770 autem
1023 729 1096 771 cum
1123 705 1223 770 fuerit
1250 728 1336 770 anno
1361 708 1415 791 76,

235 813 295 876 viri
319 813 405 878 docti
428 835 529 876 annos
554 813 684 877 75-73
708 811 742 875 in
760 813 947 876 Macedonia
969 812 1194 896 proconsulem
1217 835 1293 877 eum
1312 812 1415 878 fuisse

236 919 469 1001 iudicaverunt,
496 918 579 982 falso
607 919 736 1002 quidem
764 919 848 982 sicut
876 918 955 983 mihi
985 919 1120 983 videtur.
1171 918 1323 1004 Namque
1354 942 1415 1005 per

236 1025 410 1090 triennium
434 1023 606 1088 Curionem
629 1024 749 1089 bellum
778 1024 917 1110 gessisse
936 1025 1046 1105 ¹tradit
1068 1024 1260 1110 Eutropius:
1288 1024 1415 1090 ‘trium-

235 1130 399 1214 phumque
436 1130 553 1194 meruit
585 1136 618 1194 et
656 1131 757 1195 intra
791 1131 1006 1196 triennium
1040 1133 1138 1195 finem
1172 1131 1258 1196 bello
1292 1131 1415 1215 dedit’3

237 1259 310 1301 curn
337 1259 412 1300 vero
441 1237 526 1301 idem
552 1242 665 1321 postea
696 1238 781 1302 dicat
808 1239 850 1301 M.
873 1238 1044 1302 Lucullum
1072 1238 1195 1302 bellum
1221 1238 1415 1303 Thracicum

237 1343 414 1428 gerendum
445 1344 622 1427 suscepisse
658 1345 770 1408 eodem
802 1367 885 1408 anno
918 1368 982 1430 quo
1011 1345 1224 1430 fugitivorum
1256 1344 1415 1429 inciperet

238 1448 398 1513 tumultus
421 1450 440 1513 i.
459 1472 485 1513 e.
509 1473 593 1513 anno
613 1453 664 1535 73,
687 1450 743 1515 illo
763 1451 911 1516 Curionis
934 1451 1073 1515 triennio
1093 1474 1194 1515 annos
1212 1451 1414 1537 significasse

238 1556 400 1640 putandus
432 1560 482 1619 est
511 1558 566 1638 76,
594 1558 650 1639 75,
680 1559 729 1621 74.
784 1556 845 1621 Sed
874 1558 936 1622 sibi
965 1558 1033 1642 ipse
1066 1580 1253 1644 oppugnare
1285 1558 1414 1623 videtur

238 1662 429 1746 Eutropius,
457 1685 530 1726 cunr
552 1668 647 1726 antea
675 1663 852 1748 scripserit:
882 1664 1016 1728 ‘missus
1039 1664 1069 1727 ei
1092 1686 1257 1729 successor
1280 1664 1314 1729 C.
1333 1664 1413 1729 Scri-

239 1769 356 1833 bonius
380 1769 475 1833 Curio
498 1774 586 1853 post
613 1772 882 1855 consulat'um’,
909 1772 928 1835 i.
948 1795 973 1835 e.
998 1795 1081 1836 anno
1106 1774 1156 1836 75.
1203 1770 1284 1835 Cum
1312 1771 1414 1835 alteta

239 1876 389 1960 Eutropii
421 1876 576 1940 relatione
609 1877 729 1961 optime
762 1878 924 1963 convenit,
957 1879 1043 1963 quod
1073 1878 1125 1943 Ps.
1158 1877 1336 1942 Frontinus
1367 1876 1414 1942 IV

242 1987 270 2067 1,
293 1982 369 2068 43³)
397 1983 587 2047 seditionem
615 1984 708 2047 initio
737 1985 949 2069 expeditionis
977 1985 1136 2050 consule
1165 1983 1318 2067 Curione,
1347 2007 1415 2048 non

240 2090 430 2174 proconsule
452 2092 571 2154 factam
599 2113 668 2154 esse
692 2092 782 2176 dicit;
806 2092 901 2157 Curio
930 2092 1031 2178 igitur
1054 2093 1228 2157 secundum
1250 2092 1415 2157 Ps.·Fron-

241 2197 346 2261 tinum
369 2196 627 2281 Eutropiumque
650 2197 714 2261 iam
737 2199 849 2262 consul
871 2199 891 2262 i.
911 2222 936 2262 e.
960 2201 1123 2264 555076
1146 2198 1268 2262 bellum
1290 2198 1415 2263 inierat.

242 2303 286 2366 Et
314 2303 444 2367 omnino
472 2303 541 2366 fieri
569 2303 713 2387 potuisse
736 2327 834 2389 nego,
862 2306 940 2389 quin
962 2306 1060 2390 Appii
1085 2304 1210 2369 Claudii
1232 2304 1319 2388 loco,
1341 2327 1416 2369 cum

243 2432 326 2473 anno
352 2412 393 2475 76
426 2415 617 2495 moreretur,
649 2410 759 2475 statim
793 2412 904 2475 eodem
938 2413 1035 2476 etiam
1068 2435 1152 2476 anno
1177 2413 1219 2475 76
1250 2434 1416 2476 successor

243 2517 434 2581 mitteretur.
479 2517 588 2582 Verba
619 2523 727 2582 autem
758 2518 926 2602 periochae
951 2521 994 2584 92
1022 2519 1090 2583 ‘res
1117 2541 1136 2582 a
1164 2516 1302 2582 Curione
1330 2541 1417 2603 pro·

244 2625 399 2689 consule
423 2625 456 2688 in
478 2625 614 2689 Thracia
637 2630 745 2710 gestas
769 2627 919 2690 adversus
942 2624 1126 2690 Dardanos'
1149 2624 1231 2711 (scil.
1255 2623 1416 2711 continet)

244 2732 338 2796 nobis
365 2732 484 2815 opponi
511 2737 684 2816 nequeunt,
713 2732 788 2815 quia
815 2731 867 2795 his
894 2731 975 2794 nihil
1005 2731 1156 2814 efficitur,
1178 2730 1241 2794 nisi
1264 2730 1349 2795 libro
1373 2733 1417 2795 92

244 2862 295 2903 res
314 2861 397 2902 anno
418 2839 460 2902 75
474 2862 493 2901 5
513 2837 650 2902 Curione
669 2844 778 2924 gestas
796 2838 961 2902 contineri.
981 2877 1022 2884 -—
1043 2837 1139 2902 Curio
1159 2838 1259 2923 igitur
1278 2837 1353 2901 anni
1375 2838 1417 2902 76

245 2950 366 3010 aestate
384 2945 417 3009 in
432 2945 651 3008 Macedoniam
669 2946 831 3028 profectus
850 2944 989 3028 primum
1006 2944 1196 3008 seditionem
1215 2943 1357 3007 militum
1371 2943 1417 3008 in·

244 3053 360 3117 hibuit.
402 3052 484 3116 Tum
498 3056 668 3135 postquam
683 3056 794 3116 contra
807 3052 966 3116 Thracum
981 3052 1134 3135 quasdam
1149 3047 1296 3136 gentes²)
1309 3049 1418 3113 minus

246 3161 327 3223 bene
337 3159 503 3244 pugnavit,
518 3181 591 3222 cum
606 3160 646 3222 ad
660 3159 911 3243 septentrionem
925 3181 994 3222 sese
1008 3162 1192 3222 convertere
1204 3156 1324 3240 mallet,
1338 3156 1418 3220 Dar-

247 3266 346 3328 danos
369 3266 500 3329 adortus
523 3266 653 3352 subegit
677 3271 709 3329 et
732 3265 887 3329 Moesiam
910 3265 1107 3349 superiorem
1124 3265 1270 3328 Romano
1294 3263 1418 3327 addidit
1475 3272 1480 3281 '

248 3370 415 3457 imperi0³)
439 3395 539 3455 usque
563 3373 602 3435 ad
625 3372 808 3436 Danuvium
830 3372 953 3456 primus
975 3372 1193 3435 Romanorum
1218 3392 1418 3455 progressus,

335 3477 503 3542 Postremo
522 3479 563 3541 M.
583 3478 736 3543 Lucullus
759 3479 870 3542 consul
889 3501 972 3542 anno
992 3480 1034 3543 73
1058 3477 1091 3541 15
1109 3476 1329 3540 Macedoniam
1347 3500 1419 3561 pro·

248 3584 385 3649 vinciam
411 3585 574 3668 profectus
603 3607 672 3648 esse
705 3584 784 3648 milri
813 3585 951 3668 videtur3
980 3606 1174 3668 quamquam
1201 3588 1310 3648 autem
1337 3583 1419 3647 Dru-

247 3867 382 3922 obtinuit’
404 3868 432 3920 ct
446 3864 536 3920 Amm.
551 3866 637 3922 Marc.
652 3868 670 3920 l.
685 3868 718 3922 l.:
739 3866 863 3937 ‘Oppida
881 3866 956 3921 enim
974 3866 1005 3920 in
1023 3869 1147 3935 Bosporo
1167 3865 1225 3920 sita
1243 3868 1272 3920 et
1292 3866 1419 3936 Propon·

250 3955 309 4010 tide
328 3956 433 4009 classes
453 3953 599 4010 obtinuere
617 3956 780 4012 Romanae!

339 4064 365 4132 1)
384 4060 500 4115 Minime
510 4079 575 4116 vcro
586 4063 672 4118 verba
680 4053 809 4116 Frontini
823 4061 910 4116 errori
923 4062 1073 4116 tribuenda
1087 4063 1178 4130 erunt,
1192 4061 1223 4114 id
1237 4062 1314 4129 quod
1328 4062 1421 4117 voluit

251 4149 458 4204 Gundermann.
757 4151 765 4164 '

339 4264 367 4328 2)
386 4259 428 4316 cf.
449 4258 550 4328 Obseq.
569 4275 593 4312 c.
611 4261 658 4313 59:
680 4257 851 4311 ‘Adversum
869 4258 985 4312 Maedos
1004 4257 1080 4312 varic
1099 4257 1286 4312 dimicatum!

340 4368 367 4431 3)
386 4364 426 4419 Cf.
437 4366 463 4418 S.
474 4365 537 4419 auf.
548 4365 621 4419 Fest.
632 4369 662 4430 ’ῖς
680 4364 753 4418 Flor.
763 4365 776 4416 I
786 4371 828 4432 39,
840 4372 869 4430 6;
888 4365 966 4420 Eutr.
985 4366 1015 4418 et
1030 4364 1107 4419 Oros.
1122 4366 1141 4418 l.
1157 4365 1184 4433 l.‚
1202 4380 1260 4433 per.
1275 4370 1309 4419 92
1328 4366 1359 4418 et
1372 4369 1421 4432 953

251 4451 342 4506 Amm.
361 4452 446 4507 Marc.
465 4453 555 4506 XXIX
574 4460 599 4520 ὃ,
618 4459 661 4505 22.
